% Bib file for my resume